@book{black2007australasian,
  title={Australasian business statistics},
  author={Black, Ken and Asafu-Adjaye, John and Khan, Nazim and Perera, Nelson and Edwards, P and Harris, M},
  year={2007},
  publisher={John Wiley \& Sons}
}